<record><leader>00000cas a2200000 a 4500</leader><controlfield tag="001">10596129</controlfield><controlfield tag="008">840405d18741884nbuwr ne      0    0eng c</controlfield><datafield ind1=" " ind2=" " tag="010"><subfield code="a">sn 84022851 </subfield></datafield><datafield ind1=" " ind2=" " tag="040"><subfield code="a">NPX</subfield><subfield code="b">eng</subfield><subfield code="c">NPX</subfield><subfield code="d">MQN</subfield><subfield code="d">NVG</subfield><subfield code="d">OCLCQ</subfield><subfield code="d">OCLCF</subfield><subfield code="d">OCLCO</subfield></datafield><datafield ind1=" " ind2=" " tag="042"><subfield code="a">pcc</subfield></datafield><datafield ind1=" " ind2=" " tag="043"><subfield code="a">n-us-nb</subfield></datafield><datafield ind1="0" ind2="0" tag="245"><subfield code="a">Western Nebraskian.</subfield></datafield><datafield ind1=" " ind2=" " tag="260"><subfield code="a">North Platte, Neb. :</subfield><subfield code="b">J.H. Peake,</subfield><subfield code="c">1874-</subfield></datafield><datafield ind1=" " ind2=" " tag="300"><subfield code="a">v.</subfield></datafield><datafield ind1=" " ind2=" " tag="310"><subfield code="a">Weekly</subfield></datafield><datafield ind1="0" ind2=" " tag="362"><subfield code="a">Vol. 1, no. 1 (Aug. 20, 1874)-</subfield></datafield><datafield ind1="1" ind2=" " tag="362"><subfield code="a">Ceased in 1884.</subfield></datafield><datafield ind1=" " ind2="0" tag="651"><subfield code="a">Lincoln County (Neb.)</subfield><subfield code="v">Newspapers.</subfield></datafield><datafield ind1=" " ind2="7" tag="655"><subfield code="a">Newspapers.</subfield><subfield code="2">fast</subfield><subfield code="0">(OCoLC)fst01423814</subfield></datafield><datafield ind1=" " ind2="7" tag="651"><subfield code="a">Nebraska</subfield><subfield code="z">Lincoln County.</subfield><subfield code="2">fast</subfield><subfield code="0">(OCoLC)fst01211911</subfield></datafield><datafield ind1=" " ind2=" " tag="752"><subfield code="a">United States</subfield><subfield code="b">Nebraska</subfield><subfield code="c">Lincoln</subfield><subfield code="d">North Platte.</subfield></datafield><datafield ind1="0" ind2="0" tag="785"><subfield code="t">North Platte Nebraskian</subfield></datafield></record>